<?xml version="1.0" encoding="UTF-8"?><collection xmlns="http://www.loc.gov/MARC21/slim"><record><leader>00712nam--2200205-u-4500</leader><controlfield tag="001">000053114</controlfield><controlfield tag="002">20161230</controlfield><controlfield tag="005">20170116141756</controlfield><controlfield tag="008">110106s1000------------r-----000-0-eng-d</controlfield><datafield ind1=" " ind2=" " tag="020"><subfield code="a">9780735404908</subfield></datafield><datafield ind1=" " ind2=" " tag="040"><subfield code="a">IFIN-HH</subfield></datafield><datafield ind1=" " ind2=" " tag="080"><subfield code="a">539:52.48(063)</subfield></datafield><datafield ind1="1" ind2=" " tag="100"><subfield code="a">Trache, Livius</subfield></datafield><datafield ind1="1" ind2="0" tag="245"><subfield code="a">Exotic Nuclei and Nuclear/Particle Sstrophysics (ii)</subfield><subfield code="b">Proceedings of the Carpathian Summer School of Physics 2007, Sinaia, Romania, 20-31 August 2007</subfield><subfield code="c">Livius Trache; Sabin Stoica (eds.)</subfield></datafield><datafield ind1=" " ind2=" " tag="260"><subfield code="a">Melville, New York</subfield><subfield code="b">American Institute Of Physics</subfield><subfield code="c">2008</subfield></datafield><datafield ind1=" " ind2=" " tag="300"><subfield code="a">617P</subfield></datafield><datafield ind1=" " ind2=" " tag="490"><subfield code="a">Aip Conference Proceedings</subfield><subfield code="v">Vol. 972</subfield></datafield><datafield ind1="1" ind2=" " tag="700"><subfield code="a">Stoica, Sabin</subfield><subfield code="e">Ed</subfield></datafield><datafield ind1=" " ind2=" " tag="852"><subfield code="a">82235</subfield><subfield code="c">523</subfield></datafield><datafield ind1=" " ind2=" " tag="CAT"><subfield code="a">SYS</subfield><subfield code="c">20170116</subfield><subfield code="h">141756</subfield></datafield></record></collection>